@misc{saito_naoki_simultaneous_1994,
	title = {Simultaneous {Noise} {Suppression} and {Signal} {Compression} using a {Library} of {Orthonormal} {Bases} and the {Minimum} {Description} {Length} {Criterion}},
	url = {https://www.math.ucdavis.edu/~saito/publications/saito_snssc.pdf},
	urldate = {2018-05-19},
	publisher = {Academic Press, Inc.},
	author = {Saito, Naoki},
	year = {1994}
}

@book{stein_real_2006,
	series = {Princeton {Lectures} in {Analysis}},
	title = {Real {Analysis}: {Measure} {Theory}, {Integration}, and {Hilbert} {Spaces}},
	number = {3},
	publisher = {Princeton University Press},
	author = {Stein, Elias and Shakarchi, Rami},
	year = {2006}
}